@online{LidskeZdrojeVIT,
    author    = "Eva Myšková Skarlandtová",
    title     = "Český statistický úřad: Lidské zdroje v informačních technologiích",
    url       = "https://www.czso.cz/documents/10180/165376696/063015-21.pdf/c7e96151-b285-4388-9384-532e55f4a318?version=1.2"
}

@online{EmployedICTSpecialists-Total,
	title     = "Employed ICT Specialists - total",
    url       = "https://ec.europa.eu/eurostat/databrowser/view/ISOC_SKS_ITSPT/default/table?lang=en&category=isoc.isoc_sk.isoc_sks.isoc_skslf",
    note      = "Zdroje dat: Eurostat"
}

@online{EmployedICTSpecialstBySex,
	title     = "Employed ICT specialists by sex",
    url       = "https://ec.europa.eu/eurostat/databrowser/view/isoc_sks_itsps/default/table?lang=en",
    note      = "Zdroje dat: Eurostat"
}

@online{EmployedICTSpecialistsByAge,
	title     = "Employed ICT specialists by age",
    url       = "https://ec.europa.eu/eurostat/databrowser/view/ISOC_SKS_ITSPA/default/table?lang=en&category=isoc.isoc_sk.isoc_sks.isoc_skslf",
    note      = "Zdroje dat: Eurostat"
}

@online{EmployedICTSpecialistsByEducationalAttainmentLevel,
	title     = "Employed ICT specialists by educational attainment level",
    url       = "https://ec.europa.eu/eurostat/databrowser/view/ISOC_SKS_ITSPT/default/table?lang=en&category=isoc.isoc_sk.isoc_sks.isoc_skslf",
    note      = "Zdroje dat: Eurostat"
}

@online{EmployedPersonWithICTEducationBySex,
	title     = "Employed person with ICT education by sex",
    url       = "https://ec.europa.eu/eurostat/databrowser/view/isoc_ski_itsex/default/table?lang=en",
    note      = "Zdroje dat: Eurostat"
}

@online{WorldEconomicForum,
	author    = "World Economic Forum",
	title     = "The Future of Jobs",
    year      = "2020",
    url       = "https://www3.weforum.org/docs/WEF_Future_of_Jobs_2020.pdf"
}
@online{WorldEconomicForumInfo,
	author    = "World Economic Forum",
	title     = "Our mision",
    year      = "2020",
    url       = "https://www.weforum.org/about/world-economic-forum"
}

@online{KristalovaLupa,
	title     = "Cena českého internetu - výsledky",
	journal   = "Křišťálová Lupa",
	year      = "2019",
    url       = "https://kristalova.lupa.cz/2019/vysledky/"
}

@online{wITches,
	title     = "Co jsme dokázaly",
    url       = "https://witches.fel.cvut.cz/about/impact"
}

@online{PocetMaturantu,
    title     = "K maturitní zkoušce se v jarním zkušebním období 2022 přihlásilo 77 tisíc maturantů",
    year      = "2022",
    url       = "https://data.cermat.cz/aktuality/aktualita/270-k-maturitni-zkousce-v-jarnim-zkusebnim-obdobi-2022-se-prihlasilo-77-tisic-maturantu"
}


@online{ForbesGrant,
    title     = "Czechitas získaly největší grant v historii. Dánský výrobce oken Velux jim posílá 26 milionů korun",
    year      = "2021",
    url       = "https://forbes.cz/czechitas-ziskaly-nejvetsi-grant-v-historii-dansky-vyrobce-oken-velux-jim-posila-26-milionu-korun/"
}

@online{CzechitasCoDelame,
    title   = "JSME NEJVĚTŠÍ IT KOMUNITOU V ČESKU. PŘIDEJ SE.",
    year    = "2022",
    url     = "https://www.czechitas.cz/o-czechitas"
}

@online{CzechitasSocialImpactAward,
    title   ="SIA má absolutní vítěze. Jsou to Czechitas a Třetí rodič.",
    year    ="2015",
    url     ="https://czech-republic.socialimpactaward.net/article/letosni-sia-ma-absolutni-viteze-jsou-to-czechitas-a-treti-rodic/"

}

@online{CzechitasRailGirls,
    title   ="Šli jsme do toho po hlavě",
    url     ="https://www.cocuma.cz/company/czechitas/"
}

@online{CzechitasLetniSkola,
    title   ="Po dvou letech nabírání zkušeností, jak dostat více žen do IT, jsme se v roce 2015 poprvé zaměřili také na mladší dívky a jejich zájem o techniku.",
    year    ="2015",
    url     ="https://www.czechitas.cz/blog/letni-it-skola-24-29-srpna-2015"
}

@online{CzechitasGoogleGrant,
    title   = "Czechitas získaly 6,5milionový grant od Google. Jako první ve střední Evropě",
    year    = "2016",
    url     = "https://www.czechitas.cz/blog/letni-it-skola-24-29-srpna-2015"
}

@online{CzechitasHome,
    title   = "Rok 2019 nezapomeneme. Vzdělali jsme přes 10 000 lidí, otevřeli jsme první Czechitas House a 3 nové regiony. Letos vsázíme na udržitelný růst, regionální…",
    year    = "2020",
    url     = "https://www.czechitas.cz/blog/louceni-s-2019-a-novorocni-predsevzeti-na-2020"
}

@online{Czechitas2020,
    title   ="I přes zavřená centra a distanční výuku jsme společně napsali rekordní počet příběhů.",
    year    ="2021",
    url     ="https://www.czechitas.cz/blog/novorocni-rekapitulace"
}

@online{CzechitasOvladniDigitalniTechnologie,
    title   ="S Czechitas jsme v roce 2021 pokračovali v naplňování naší mise.",
    year    ="2022",
    url     ="https://www.czechitas.cz/blog/czechitas-2021-vice-nez-12-tisic-absolventu-a-341-pribehu-uplatnenych-zen"
}

@online{Czechitas2022,
    title   ="Na co se můžeš těšit v roce 2022? Na jakých tématech právě pracuje náš produktový tým? Co nového se naučíš?",
    year    ="2022",
    url     ="https://www.czechitas.cz/blog/novinkove-kurzy-pro-rok-2022"

}

@online {NouzovyStav,
    title   = "Nouzový stav. Vláda zakázala akce s více než 30 lidmi, omezí se provoz restaurací po osmé večer",
    year    ="2020",
    url     ="https://ct24.ceskatelevize.cz/domaci/3061328-zive-brifink-po-mimoradnem-zasedani-vlady-kvuli-koronaviru"
}

@online {EmploymentOfICTSpecialists,
    title   = "Employment and recruitment of ICT specialists",
    year    ="2020",
    url     ="https://ec.europa.eu/eurostat/statistics-explained/index.php?title=ICT_specialists_-_statistics_on_hard-to-fill_vacancies_in_enterprises"
}

@online {InternetMadePublic,
    title   = "Web@30: The 30-year anniversary of an invention that changed the world",
    year    ="2019",
    url     ="https://home.cern/news/news/computing/web30-30-year-anniversary-invention-changed-world"
}

@online {HouseholdsInternetAccess,
    title   = "Households - level of internet access",
    year    ="2022",
    url     ="https://ec.europa.eu/eurostat/databrowser/view/ISOC_CI_IN_H__custom_4604645/default/line?lang=en"
}

@online {StudentsTeritaryEducation,
    title   = "Students enrolled in tertiary education by education level, programme orientation, sex, type of institution and intensity of participation",
    year    ="2022",
    url     ="https://ec.europa.eu/eurostat/databrowser/view/EDUC_UOE_ENRT01__custom_4621535/default/table?lang=en
"
}

@online {Covid,
    title   = "Coronavirus disease (COVID-19) pandemic",
    year    ="2020",
    url     ="https://www.who.int/europe/emergencies/situations/covid-19
"
}

@misc{CVUT,
    note = "Data poskytnutá ČVUT"
}




